@Article{Revell_2012a,
  title = {phytools: An R package for phylogenetic comparative biology (and other things).},
  author = {Liam J. Revell},
  journal = {Methods in Ecology and Evolution},
  year = {2012},
  volume = {3},
  pages = {217-223},
}

@Manual{Urbanek_2014,
  title = {uuid: Tools for generating and handling of UUIDs},
  author = {Simon Urbanek},
  note = {R package version 0.1-1},
  url = {http://www.rforge.net/uuid},
  year = {2014},
}

@Book{Xie_2013,
  title = {Dynamic Documents with {R} and knitr},
  author = {Yihui Xie},
  publisher = {Chapman and Hall/CRC},
  address = {Boca Raton, Florida},
  year = {2013},
  note = {ISBN 978-1482203530},
  url = {http://yihui.name/knitr/},
}

@Article{Alfaro_2009,
  title = {Nine exceptional radiations plus high turnover explain species diversity in jawed vertebrates},
  author = {ME Alfaro and F Santini and C Brock and H Alamillo and A Dornburg and DL Rabosky and G Carnevale and LJ Harmon},
  journal = {Proceedings of the National Academy of Sciences of the United States of America},
  year = {2009},
  volume = {106},
  pages = {13410-13414},
}

@Manual{Chamberlain_2014,
  title = {taxize: Taxonomic information from around the web},
  author = {Scott Chamberlain and Eduard Szocs and Carl Boettiger and Karthik Ram and Ignasi Bartomeus and John Baumgartner},
  year = {2014},
  note = {R package version 0.3.0},
  url = {https://github.com/ropensci/taxize},
}

@Manual{Boettiger_2014,
  title = {knitcitations: Citations for knitr markdown files},
  author = {Carl Boettiger},
  note = {R package version 1.0-2},
  url = {https://github.com/cboettig/knitcitations},
  year = {2014},
}

@Article{Boettiger_2012,
  doi = {10.1111/j.2041-210x.2012.00247.x},
  url = {http://dx.doi.org/10.1111/j.2041-210x.2012.00247.x},
  year = {2012},
  month = {Dec},
  publisher = {Wiley-Blackwell},
  volume = {3},
  number = {6},
  pages = {1060-1066},
  author = {Carl Boettiger and Duncan {Temple Lang}},
  editor = {Luke Harmon},
  title = {Treebase: an R package for discovery, access and manipulation of online phylogenies},
  journal = {Methods Ecol Evol},
}

@Article{Harmon_2008,
  title = {GEIGER: investigating evolutionary radiations},
  author = {LJ Harmon and JT Weir and CD Brock and RE Glor and W Challenger},
  journal = {Bioinformatics},
  year = {2008},
  volume = {24},
  pages = {129-131},
}

@Article{Rausher_2010,
  doi = {10.1111/j.1558-5646.2009.00940.x},
  url = {http://dx.doi.org/10.1111/j.1558-5646.2009.00940.x},
  year = {2010},
  month = {Mar},
  publisher = {Wiley-Blackwell},
  volume = {64},
  number = {3},
  pages = {603-604},
  author = {Mark D. Rausher and Mark A. McPeek and Allen J. Moore and Loren Rieseberg and Michael C. Whitlock},
  title = {DATA ARCHIVING},
  journal = {Evolution},
}

@Article{Wickham_2007,
  title = {Reshaping Data with the {reshape} Package},
  author = {Hadley Wickham},
  journal = {Journal of Statistical Software},
  year = {2007},
  volume = {21},
  number = {12},
  pages = {1--20},
  url = {http://www.jstatsoft.org/v21/i12/},
}

@Manual{King_2009,
  title = {ouch: Ornstein-Uhlenbeck models for phylogenetic comparative hypotheses},
  author = {Aaron A. King and Marguerite A. Butler},
  year = {2009},
  url = {http://ouch.r-forge.r-project.org},
}

@Manual{R_Core_Team_2014,
  title = {R: A Language and Environment for Statistical Computing},
  author = {{R Core Team}},
  organization = {R Foundation for Statistical Computing},
  address = {Vienna, Austria},
  year = {2014},
  url = {http://www.R-project.org/},
}

@Manual{al._2014,
  title = {phylobase: Base package for phylogenetic structures and comparative data},
  author = {R Hackathon et al.},
  year = {2014},
  note = {R package version 0.6.8},
  url = {http://CRAN.R-project.org/package=phylobase},
}

@Article{Tenopir_2011,
  doi = {10.1371/journal.pone.0021101},
  url = {http://dx.doi.org/10.1371/journal.pone.0021101},
  year = {2011},
  month = {Jun},
  publisher = {Public Library of Science (PLoS)},
  volume = {6},
  number = {6},
  pages = {e21101},
  author = {Carol Tenopir and Suzie Allard and Kimberly Douglass and Arsev Umur Aydinoglu and Lei Wu and Eleanor Read and Maribeth Manoff and Mike Frame},
  editor = {Cameron Neylon},
  title = {Data Sharing by Scientists: Practices and Perceptions},
  journal = {PLoS ONE},
}

@InCollection{Hartig_2012,
  doi = {10.1007/978-3-642-31753-8_56},
  url = {http://dx.doi.org/10.1007/978-3-642-31753-8_56},
  year = {2012},
  publisher = {Springer Science + Business Media},
  pages = {506-507},
  author = {Olaf Hartig},
  title = {An Introduction to SPARQL and Queries over Linked Data},
  booktitle = {Web Engineering},
}

@Article{Butler_2004,
  author = {Marguerite A. Butler and Aaron A. King},
  title = {Phylogenetic comparative analysis: a modeling approach for adaptive evolution},
  journal = {American Naturalist},
  year = {2004},
  volume = {164},
  pages = {683--695},
  url = {http://www.journals.uchicago.edu/AN/journal/issues/v164n6/40201/40201.html},
}

@Article{Scott_Chamberlain_2013,
  title = {taxize - taxonomic search and retrieval in R},
  journal = {F1000Research},
  author = {{Scott Chamberlain} and {Eduard Szocs}},
  year = {2013},
  url = {http://f1000research.com/articles/2-191/v2},
}

@Article{Chamberlain_2013,
  doi = {10.12688/f1000research.2-191.v2},
  url = {http://dx.doi.org/10.12688/f1000research.2-191.v2},
  year = {2013},
  month = {Oct},
  publisher = {F1000 Research, Ltd.},
  author = {Scott A. Chamberlain and Eduard Sz{\"o}cs},
  title = {taxize: taxonomic search and retrieval in R},
  journal = {F1000Research},
}

@Article{Drew_2013,
  doi = {10.1371/journal.pbio.1001636},
  url = {http://dx.doi.org/10.1371/journal.pbio.1001636},
  year = {2013},
  month = {Sep},
  publisher = {Public Library of Science (PLoS)},
  volume = {11},
  number = {9},
  pages = {e1001636},
  author = {Bryan T. Drew and Romina Gazis and Patricia Cabezas and Kristen S. Swithers and Jiabin Deng and Roseana Rodriguez and Laura A. Katz and Keith A. Crandall and David S. Hibbett and Douglas E. Soltis},
  title = {Lost Branches on the Tree of Life},
  journal = {PLoS Biol},
}

@Article{Wickham_2011,
  title = {The Split-Apply-Combine Strategy for Data Analysis},
  author = {Hadley Wickham},
  journal = {Journal of Statistical Software},
  year = {2011},
  volume = {40},
  number = {1},
  pages = {1--29},
  url = {http://www.jstatsoft.org/v40/i01/},
}

@Article{Wickham_2011a,
  author = {Hadley Wickham},
  title = {testthat: Get Started with Testing},
  journal = {The R Journal},
  year = {2011},
  volume = {3},
  pages = {5--10},
  url = {http://journal.r-project.org/archive/2011-1/RJournal_2011-1_Wickham.pdf},
}

@Manual{Willighagen_2014,
  title = {rrdf: rrdf - support for the Resource Description Framework},
  author = {Egon Willighagen},
  year = {2014},
  note = {R package version 2.0.3},
  url = {https://github.com/egonw/rrdf},
}

@Article{Bollback_2006,
  doi = {10.1186/1471-2105-7-88},
  url = {http://dx.doi.org/10.1186/1471-2105-7-88},
  year = {2006},
  publisher = {Springer Science + Business Media},
  volume = {7},
  number = {1},
  pages = {88},
  author = {JonathanP Bollback},
  journal = {BMC Bioinformatics},
}

@Article{Revell_2012,
  doi = {10.1111/j.2041-210x.2011.00169.x},
  url = {http://dx.doi.org/10.1111/j.2041-210x.2011.00169.x},
  year = {2012},
  month = {Apr},
  publisher = {Wiley-Blackwell},
  volume = {3},
  number = {2},
  pages = {217-223},
  author = {Liam J. Revell},
  title = {phytools: an R package for phylogenetic comparative biology (and other things)},
  journal = {Methods in Ecology and Evolution},
}

@Manual{Wickham_2014,
  title = {httr: Tools for working with URLs and HTTP},
  author = {Hadley Wickham},
  note = {R package version 0.3},
  year = {2014},
}

@Article{Huelsenbeck_2003,
  doi = {10.1080/10635150390192780},
  url = {http://dx.doi.org/10.1080/10635150390192780},
  year = {2003},
  month = {Apr},
  publisher = {Oxford University Press (OUP)},
  volume = {52},
  number = {2},
  pages = {131-158},
  author = {John P. Huelsenbeck and Rasmus Nielsen and Jonathan P. Bollback},
  title = {Stochastic Mapping of Morphological Characters},
  journal = {Systematic Biology},
}

@Article{Vos_2012,
  doi = {10.1093/sysbio/sys025},
  url = {http://dx.doi.org/10.1093/sysbio/sys025},
  year = {2012},
  month = {Jul},
  publisher = {Oxford University Press (OUP)},
  volume = {61},
  number = {4},
  pages = {675-689},
  author = {R. A. Vos and J. P. Balhoff and J. A. Caravas and M. T. Holder and H. Lapp and W. P. Maddison and P. E. Midford and A. Priyam and J. Sukumaran and X. Xia and A. Stoltzfus},
  title = {NeXML: Rich, Extensible, and Verifiable Representation of Comparative Data and Metadata},
  journal = {Systematic Biology},
}

@Article{Eastman_2011,
  title = {A novel comparative method for identifying shifts in the rate of character evolution on trees},
  author = {JM Eastman and ME Alfaro and P Joyce and AL Hipp and LJ Harmon},
  journal = {Evolution},
  year = {2011},
  volume = {65},
  pages = {3578-3589},
}

@Article{Stodden,
  doi = {10.2139/ssrn.1550193},
  url = {http://dx.doi.org/10.2139/ssrn.1550193},
  publisher = {Social Science Electronic Publishing},
  author = {Victoria Stodden},
  title = {The Scientific Method in Practice: Reproducibility in the Computational Sciences},
  journal = {SSRN Journal},
  year = {2014},
}

@Misc{greycite12995,
  url = {http://www.w3.org/TR/xhtml-rdfa-primer},
  title = {RDFa
1.1 Primer - Second Edition},
  journal = {W3C},
  howpublished = {\url{http://www.w3.org/TR/xhtml-rdfa-primer}},
  author = {<a rel=foaf:workplaceHomepage class=p-org org h-org h-card href=http://ww {<span typeof=foaf:Person> <a class=u-url url p-name fn rel=foaf:homepage property=foaf:name content=Ivan Herman href=http://www.w3.org/People/Ivan/>Ivan Herman</a>} and <a rel=foaf:workplaceHomepage class=p-org org h-org h-card href=http://creativecommons {<span typeof=foaf:Person> <a class=u-url url p-name fn rel=foaf:homepage property=foaf:name content=Ben Adida href=http://ben.adida.net/>Ben Adida</a>} and <a rel=foaf:workplaceHomepage class=p-org org h-org h-card href=http://digitalbaz {<span typeof=foaf:Person> <a class=u-url url p-name fn rel=foaf:homepage property=foaf:name content=Manu Sporny href=http://manu.sporny.org>Manu Sporny</a>} and <span class=ed\_mailto> <a class=u-email email rel=foaf:mbox href=mailto:mark.birbeck@webBackplane.com>mark.birbeck@webBackplane.com</a> {<span typeof=foaf:Person> <span property=foaf:name class=p-name fn>Mark Birbeck</span>  webBackPlane.com}},
  archived = {http://greycite.knowledgeblog.org/?uri=http%3A%2F%2Fwww.w3.org%2FTR%2Fxhtml-rdfa-primer},
  year = {2014},
}

@Article{Slater_2012,
  title = {Fitting models of continuous trait evolution to incompletely sampled comparative data using approximate Bayesian computation},
  author = {GJ Slater and LJ Harmon and D Wegmann and P Joyce and LJ Revell and ME Alfaro},
  journal = {Evolution},
  year = {2012},
  volume = {66},
  pages = {752-762},
}

@Article{Paradis_2004,
  title = {A{PE}: analyses of phylogenetics and evolution in {R} language},
  author = {E. Paradis and J. Claude and K. Strimmer},
  journal = {Bioinformatics},
  year = {2004},
  volume = {20},
  pages = {289-290},
}

@Manual{Temple_Lang_2013,
  title = {XML: Tools for parsing and generating XML within R and S-Plus.},
  author = {Duncan {Temple Lang}},
  year = {2013},
  note = {R package version 3.98-1.1},
  url = {http://CRAN.R-project.org/package=XML},
}

@Misc{greycite12991,
  url = {http://cran.r-project.org/web/views/Phylogenetics.html},
  title = {CRAN Task View: Phylogenetics, Especially Comparative Methods},
  howpublished = {\url{http://cran.r-project.org/web/views/Phylogenetics.html}},
  archived = {http://greycite.knowledgeblog.org/?uri=http%3A%2F%2Fcran.r-project.org%2Fweb%2Fviews%2FPhylogenetics.html},
  year = {2014},
}
